<record><leader>00000cas a22000007a 4500</leader><controlfield tag="001">21096685</controlfield><controlfield tag="008">900220d190019uucouwr ne      0    0eng d</controlfield><datafield ind1=" " ind2=" " tag="010"><subfield code="a">sn 90051070 </subfield></datafield><datafield ind1=" " ind2=" " tag="040"><subfield code="a">CNQ</subfield><subfield code="b">eng</subfield><subfield code="c">CNQ</subfield><subfield code="d">OCLCQ</subfield></datafield><datafield ind1=" " ind2=" " tag="042"><subfield code="a">msc</subfield></datafield><datafield ind1="0" ind2="4" tag="245"><subfield code="a">The Monte Vista reporter and the San Luis Valley graphic.</subfield></datafield><datafield ind1=" " ind2=" " tag="260"><subfield code="a">Monte Vista, Rio Grande County, Colo. :</subfield><subfield code="b">Reporter Pub. Co.</subfield></datafield><datafield ind1=" " ind2=" " tag="300"><subfield code="a">v.</subfield></datafield><datafield ind1=" " ind2=" " tag="310"><subfield code="a">Weekly</subfield></datafield><datafield ind1="0" ind2=" " tag="362"><subfield code="a">Vol. 1, no. 14 (Mar. 30, 1900)- = v. 16, no. 26-</subfield></datafield><datafield ind1=" " ind2=" " tag="530"><subfield code="a">Available on microfilm from the Colorado Historical Society.</subfield></datafield><datafield ind1=" " ind2=" " tag="752"><subfield code="a">United States</subfield><subfield code="b">Colorado</subfield><subfield code="c">Rio Grande</subfield><subfield code="d">Monte Vista.</subfield></datafield><datafield ind1="0" ind2="4" tag="780"><subfield code="t">Monte Vista reporter</subfield><subfield code="w">(DLC)sn 90051063</subfield></datafield><datafield ind1="0" ind2="4" tag="780"><subfield code="t">San Luis Valley graphic</subfield><subfield code="w">(DLC)sn 90051070</subfield></datafield><datafield ind1="0" ind2="0" tag="785"><subfield code="t">Monte Vista graphic-reporter</subfield></datafield></record>